@book{Gantmacher1960,
address = {New York, NY},
author = {Gantmacher, F R},
file = {:Users/jiahao/Documents/Mendeley Desktop/Gantmacher/Unknown/Gantmacher - 1960 - The theory of matrices.pdf:pdf},
publisher = {Chelsea},
title = {{The theory of matrices}},
year = {1960}
}
