@book{Gantmacher1960,
address = {New York, NY},
author = {Gantmacher, F R},
publisher = {Chelsea},
volume = 1,
title = {The theory of matrices},
year = {1960}
}


@book{Apostol1967,
	Address = {New York, NY},
	Author = {Tom M Apostol},
	Editor = {George Springer},
	Publisher = {John Wiley & Sons},
	Title = {Calculus},
	Volume = {1},
	Year = {1967}
}

@book{Apostol1969,
	Address = {New York, NY},
	Author = {Tom M Apostol},
	Editor = {George Springer},
	Publisher = {John Wiley & Sons},
	Title = {Calculus},
	Volume = {2},
	Year = {1969}
}
